<collection xmlns="http://www.loc.gov/MARC21/slim"><record><leader>01073nam  2200301   450</leader><controlfield tag="001">365</controlfield><controlfield tag="003">http://montalegre.opacnet.com/OPAC/default.aspx?ContentAreaControl=ShowRegHoldings.ascx&amp;RegNo=16662</controlfield><datafield tag="021" ind1=" " ind2=" "><subfield code="a">PT</subfield><subfield code="b">85433/95</subfield></datafield><datafield tag="095" ind1=" " ind2=" "><subfield code="a">PTBN00772530</subfield></datafield><datafield tag="100" ind1=" " ind2=" "><subfield code="a">20061013d1995    m  y0pory0103    ba</subfield></datafield><datafield tag="101" ind1="1" ind2=" "><subfield code="a">por</subfield><subfield code="c">eng</subfield></datafield><datafield tag="102" ind1=" " ind2=" "><subfield code="a">PT</subfield></datafield><datafield tag="105" ind1=" " ind2=" "><subfield code="a">a   z   000ay</subfield></datafield><datafield tag="106" ind1=" " ind2=" "><subfield code="a">r</subfield></datafield><datafield tag="200" ind1="1" ind2=" "><subfield code="a">Povo do lobo</subfield><subfield code="e">&lt;o &gt;início de uma saga inesquecível</subfield><subfield code="f">W. Michael Gear, Kathleen O'Neal Gear</subfield><subfield code="g">trad. Margarida Gomes, Eduardo Gomes</subfield></datafield><datafield tag="210" ind1=" " ind2=" "><subfield code="a">Mem Martins</subfield><subfield code="c">Europa-América</subfield><subfield code="d">D.L. 1995</subfield></datafield><datafield tag="215" ind1=" " ind2=" "><subfield code="a">2 v</subfield><subfield code="c">il.</subfield><subfield code="d">21 cm</subfield></datafield><datafield tag="225" ind1="2" ind2=" "><subfield code="a">Nébula</subfield><subfield code="v">54-55</subfield></datafield><datafield tag="675" ind1=" " ind2=" "><subfield code="a">821</subfield><subfield code="v">BN</subfield><subfield code="z">por</subfield><subfield code="v">BN</subfield><subfield code="z">por</subfield></datafield><datafield tag="700" ind1=" " ind2="1"><subfield code="a">Gear</subfield><subfield code="b">W. Michael</subfield><subfield code="3">193808</subfield></datafield><datafield tag="701" ind1=" " ind2="1"><subfield code="a">Gear</subfield><subfield code="b">Kathleen O'Neal</subfield><subfield code="4">070</subfield><subfield code="3">193810</subfield></datafield><datafield tag="702" ind1=" " ind2="1"><subfield code="a">Gomes</subfield><subfield code="b">Margarida</subfield><subfield code="4">730</subfield></datafield><datafield tag="702" ind1=" " ind2="1"><subfield code="a">Gomes</subfield><subfield code="b">Eduardo</subfield><subfield code="4">730</subfield><subfield code="3">28447</subfield></datafield><datafield tag="702" ind1=" " ind2="1"><subfield code="a">Falé</subfield><subfield code="b">Helena</subfield><subfield code="f">1946</subfield><subfield code="4">550</subfield></datafield><datafield tag="801" ind1=" " ind2="0"><subfield code="a">PT</subfield><subfield code="b">Biblioteca Municipal de Montalegre</subfield><subfield code="g">RPC</subfield></datafield><datafield tag="856" ind1=" " ind2=" "><subfield code="u">locateMedia.asp?cod=20060512104838&amp;ext=jpg</subfield><subfield code="z">CAPA</subfield></datafield><datafield tag="856" ind1=" " ind2=" "><subfield code="u">locateMedia.asp?cod=20060512104858&amp;ext=jpg</subfield><subfield code="z">CAPA</subfield></datafield><datafield tag="909" ind1="&#9;" ind2=" "><subfield code="a">2</subfield></datafield><datafield tag="966" ind1=" " ind2=" "><subfield code="a">0010193</subfield><subfield code="l">BMM</subfield><subfield code="s">SCG 821 GEA pov 54</subfield></datafield><datafield tag="966" ind1=" " ind2=" "><subfield code="a">0010194</subfield><subfield code="l">BMM</subfield><subfield code="s">SCG 821 GEA pov 55</subfield></datafield></record></collection>